<record><leader>00000cas a2200000 a 4500</leader><controlfield tag="001">11581039</controlfield><controlfield tag="008">850115d18611888cauwr ne      0    0eng c</controlfield><datafield ind1=" " ind2=" " tag="010"><subfield code="a">sn 85025112 </subfield></datafield><datafield ind1=" " ind2=" " tag="040"><subfield code="a">NPX</subfield><subfield code="b">eng</subfield><subfield code="c">NPX</subfield><subfield code="d">CNK</subfield><subfield code="d">OCL</subfield><subfield code="d">CNK</subfield><subfield code="d">OCLCQ</subfield><subfield code="d">OCLCF</subfield><subfield code="d">OCLCO</subfield><subfield code="d">AQM</subfield><subfield code="d">CUS</subfield></datafield><datafield ind1=" " ind2=" " tag="019"><subfield code="a">192043838</subfield></datafield><datafield ind1=" " ind2=" " tag="042"><subfield code="a">pcc</subfield></datafield><datafield ind1=" " ind2=" " tag="043"><subfield code="a">n-us-ca</subfield></datafield><datafield ind1=" " ind2="4" tag="050"><subfield code="a">AN</subfield></datafield><datafield ind1="0" ind2="4" tag="245"><subfield code="a">The Marin County journal.</subfield></datafield><datafield ind1="1" ind2="3" tag="246"><subfield code="a">Marin Co. journal</subfield></datafield><datafield ind1=" " ind2=" " tag="260"><subfield code="a">San Rafael, Marin County, Cal. :</subfield><subfield code="b">J.A. Barney</subfield></datafield><datafield ind1=" " ind2=" " tag="300"><subfield code="a">28 volumes</subfield></datafield><datafield ind1=" " ind2=" " tag="310"><subfield code="a">Weekly</subfield></datafield><datafield ind1=" " ind2=" " tag="336"><subfield code="a">text</subfield><subfield code="b">txt</subfield><subfield code="2">rdacontent</subfield></datafield><datafield ind1=" " ind2=" " tag="337"><subfield code="a">unmediated</subfield><subfield code="b">n</subfield><subfield code="2">rdamedia</subfield></datafield><datafield ind1=" " ind2=" " tag="338"><subfield code="a">volume</subfield><subfield code="b">nc</subfield><subfield code="2">rdacarrier</subfield></datafield><datafield ind1="0" ind2=" " tag="362"><subfield code="a">Vol. 1, no. 1 (Mar. 23, 1861)-v. 28, no. 14 (June 14, 1888).</subfield></datafield><datafield ind1=" " ind2=" " tag="530"><subfield code="a">Master negatives are available for duplication from:</subfield><subfield code="b">California Newspaper Microfilm Archive;</subfield><subfield code="c">positive copies may be purchased by the reel; for further information consult the CNMA at:</subfield><subfield code="u">http://cbsr.ucr.edu</subfield></datafield><datafield ind1=" " ind2="0" tag="651"><subfield code="a">Marin County (Calif.)</subfield><subfield code="v">Newspapers.</subfield></datafield><datafield ind1=" " ind2="7" tag="651"><subfield code="a">California</subfield><subfield code="z">Marin County.</subfield><subfield code="2">fast</subfield><subfield code="0">(OCoLC)fst01206041</subfield></datafield><datafield ind1=" " ind2="7" tag="655"><subfield code="a">Newspapers.</subfield><subfield code="2">fast</subfield><subfield code="0">(OCoLC)fst01423814</subfield></datafield><datafield ind1=" " ind2="7" tag="655"><subfield code="a">Newspapers.</subfield><subfield code="2">rbgenr</subfield></datafield><datafield ind1="1" ind2=" " tag="710"><subfield code="a">Barney, Jerome A.</subfield></datafield><datafield ind1=" " ind2=" " tag="752"><subfield code="a">United States</subfield><subfield code="b">California</subfield><subfield code="c">Marin</subfield><subfield code="d">San Rafael.</subfield></datafield><datafield ind1="0" ind2="0" tag="785"><subfield code="t">Marin journal</subfield><subfield code="w">(DLC)sn 86064472</subfield><subfield code="w">(OCoLC)13057560</subfield></datafield><datafield ind1="4" ind2="1" tag="856"><subfield code="u">http://bibpurl.oclc.org/web/74743</subfield><subfield code="u">http://cdnc.ucr.edu/cgi-bin/cdnc?a=cl&amp;cl=CL1&amp;sp=MJ&amp;e=-------en--20--1--txt-txIN-------</subfield></datafield></record>